@article{Arkin06,
  doi       = {10.1007/s00453-006-1206-1},
  year      = {2006},
  publisher = {Springer Science and Business Media {LLC}},
  volume    = {46},
  number    = {2},
  pages     = {193--221},
  author    = {Esther M. Arkin and Michael A. Bender and Sandor P. Fekete and Joseph S. B. Mitchell and Martin Skutella},
  title     = {{The Freeze-Tag Problem: How to Wake Up a Swarm of Robots}},
  journal   = {Algorithmica}
}

@book{Ga79,
  title     = {{Computers and Intractability: A Guide to the Theory of NP-Completeness}},
  author    = {Garey, Michael R and Johnson, David S},
  publisher = {W.H. Freeman},
  month     = apr,
  year      = 1979,
  address   = {New York, NY}
}

@article{Tan13,
  doi       = {10.1016/j.dt.2013.03.001},
  url       = {https://doi.org/10.1016/j.dt.2013.03.001},
  year      = {2013},
  month     = mar,
  publisher = {Elsevier {BV}},
  volume    = {9},
  number    = {1},
  pages     = {18--39},
  author    = {Ying Tan and Zhong-yang Zheng},
  title     = {Research Advance in Swarm Robotics},
  journal   = {Defence Technology}
}

@inproceedings{Arkin02,
  author    = {Arkin, Esther M. and Bender, Michael A. and Fekete, Sandor P. and Mitchell, Joseph S. B. and Skutella, Martin},
  title     = {{The Freeze-Tag Problem: How to Wake up a Swarm of Robots}},
  year      = {2002},
  isbn      = {089871513X},
  publisher = {Society for Industrial and Applied Mathematics},
  booktitle = {Proceedings of the 13th Annual ACM-SIAM Symposium on Discrete Algorithms (SODA)},
  pages     = {568--577}
}

@inproceedings{Arkin03,
  doi       = {10.1145/777412.777465},
  url       = {https://doi.org/10.1145/777412.777465},
  year      = {2003},
  publisher = {{ACM} Press},
  author    = {Esther M. Arkin and Michael A. Bender and Dongdong Ge},
  title     = {Improved approximation algorithms for the freeze-tag problem},
  booktitle = {Proceedings of the fifteenth annual {ACM} symposium on Parallel algorithms and architectures  - {SPAA} {\textquotesingle}03}
}

@article{Kne05,
  title     = {Approximating the degree-bounded minimum diameter spanning tree
               problem},
  author    = {K{\"o}nemann, Jochen and Levin, Asaf and Sinha, Amitabh},
  journal   = {Algorithmica},
  publisher = {Springer Science and Business Media LLC},
  volume    = 41,
  number    = 2,
  pages     = {117--129},
  month     = feb,
  year      = 2005,
  language  = {en},
  doi       = {https://doi.org/10.1007/s00453-004-1121-2}
}

@article{Erik17,
  year        = {2017},
  removemonth = sept,
  author      = {Erik D. Demaine and Mikhail Rudoy},
  title       = {Freeze Tag is Hard in {3D}},
  journal     = {In Abstracts from the 27th Fall Workshop on Computational Geometry}
}

@article{Be02,
  doi       = {10.1007/s00453-001-0114-7},
  url       = {https://doi.org/10.1007/s00453-001-0114-7},
  year      = {2002},
  month     = jun,
  publisher = {Springer Science and Business Media {LLC}},
  volume    = {33},
  number    = {2},
  pages     = {263--269},
  author    = {S. Bespamyatnikh and M. Segal},
  title     = {Fast Algorithms for Approximating Distances},
  journal   = {Algorithmica}
}

@article{Yu17,
  year    = {2017},
  author  = {Zachary Abel and Hugo A. Akitaya and Jingjin Yu},
  title   = {Freeze Tag Awakening in {2D is NP-hard}},
  journal = {In Abstracts from the 27th Fall Workshop on Computational Geometry},
  pages   = {105--107}
}

@incollection{Bu07,
  title     = {A neighborhood search technique for the freeze tag problem},
  booktitle = {Operations {Research/Computer} Science Interfaces Series},
  author    = {Bucantanschi, Dan and Hoffmann, Blaine and Hutson, Kevin R and
               Kretchmar, R Matthew},
  publisher = {Springer US},
  pages     = {97--113},
  year      = 2007
}

@inproceedings{Ke11,
  title      = {A simulated annealing approach for the freeze-tag problem},
  booktitle  = {2011 International Conference on Recent Trends in
                Information Systems},
  author     = {Keshavarz, Hamidreza and Bagheri, Alireza and Layeghi,
                Kamran and Mahdavi, Seyed Iman},
  publisher  = {IEEE},
  month      = dec,
  year       = 2011,
  conference = {2011 International Conference on Recent Trends in
                Information Systems (ReTIS)},
  location   = {Kolkata, India}
}

@inproceedings{We20,
  author    = {Josh Brunner and Julian Wellman},
  title     = {{An Optimal Algorithm for Online Freeze-Tag}},
  booktitle = {10th International Conference on Fun with Algorithms (FUN 2021)},
  pages     = {8:1--8:11},
  series    = {Leibniz International Proceedings in Informatics (LIPIcs)},
  year      = {2020},
  volume    = {157},
  editor    = {Martin Farach-Colton and Giuseppe Prencipe and Ryuhei Uehara},
  publisher = {Schloss Dagstuhl--Leibniz-Zentrum f{\"u}r Informatik}
}

@article{Quin65,
  author    = {L. V. Quintas and Fred Supnick},
  title     = {On Some Properties of Shortest Hamiltonian Circuits},
  journal   = {The American Mathematical Monthly},
  volume    = {72},
  number    = {9},
  pages     = {977--980},
  year      = {1965},
  publisher = {Taylor \& Francis},
  doi       = {10.1080/00029890.1965.11970655}
}

@article{Yu16,
  year    = {2016},
  author  = {Hugo A. Akitaya and Jingjin Yu},
  title   = {{Freeze Tag Awakening in Euclidean Spaces}},
  journal = {In Abstracts from the 26th Fall Workshop on Computational Geometry}
}

@article{Clark90,
  title   = {Unit disk graphs},
  journal = {Discrete Mathematics},
  volume  = {86},
  number  = {1},
  pages   = {165-177},
  year    = {1990},
  issn    = {0012-365X},
  doi     = {https://doi.org/10.1016/0012-365X(90)90358-O},
  url     = {https://www.sciencedirect.com/science/article/pii/0012365X9090358O},
  author  = {Brent N. Clark and Charles J. Colbourn and David S. Johnson}
}

@misc{TOPP,
  author       = {Joseph O'Rourke and Erik D. Demaine and Joseph S. B. Mitchell},
  title        = {{T}{O}{P}{P}: {P}roblem 35: {F}reeze-{T}ag: {O}ptimal {S}trategies for {A}wakening a {S}warm of {R}obots --- topp.openproblem.net},
  howpublished = {\url{https://topp.openproblem.net/p35}},
  year         = {2001},
  note         = {[Accessed 04-12-2024]}
}

@inproceedings{Ke16,
  title      = {Applying Tabu search to the freeze-tag problem},
  booktitle  = {2016 1st Conference on Swarm Intelligence and Evolutionary
                Computation ({CSIEC})},
  author     = {Keshavarz, Hamidreza},
  publisher  = {IEEE},
  month      = mar,
  year       = 2016,
  conference = {2016 1st Conference on Swarm Intelligence and Evolutionary
                Computation (CSIEC)},
  location   = {Bam, Iran}
}

@incollection{Sz02,
  title     = {Analysis of heuristics for the freeze-tag problem},
  booktitle = {Algorithm Theory --- {SWAT} 2002},
  author    = {Sztainberg, Marcelo O and Arkin, Esther M and Bender, Michael A
               and Mitchell, Joseph S B},
  publisher = {Springer Berlin Heidelberg},
  pages     = {270--279},
  series    = {Lecture notes in computer science},
  year      = 2002,
  address   = {Berlin, Heidelberg}
}

@article{Sz04,
  title     = {Theoretical and experimental analysis of heuristics for the
               ``freeze-tag'' robot awakening problem},
  author    = {Sztainberg, M O and Arkin, E M and Bender, M A and Mitchell, J B},
  journal   = {IEEE Trans. Robot.},
  publisher = {Institute of Electrical and Electronics Engineers (IEEE)},
  volume    = 20,
  number    = 4,
  pages     = {691--701},
  month     = aug,
  year      = 2004
}

@inproceedings{Ra94,
  author    = {Ravi, R.},
  booktitle = {Proceedings 35th Annual Symposium on Foundations of Computer Science},
  title     = {Rapid rumor ramification: approximating the minimum broadcast time},
  year      = {1994},
  pages     = {202-213},
  doi       = {10.1109/SFCS.1994.365693}
}

@inproceedings{Im99,
  author    = {Impagliazzo, R. and Paturi, R.},
  booktitle = {Proceedings. Fourteenth Annual IEEE Conference on Computational Complexity},
  title     = {Complexity of k-SAT},
  year      = {1999},
  pages     = {237-240},
  doi       = {10.1109/CCC.1999.766282}
}

@article{Pan98,
  author     = {Pansiot, Jean-Jacques and Grad, Dominique},
  title      = {On Routes and Multicast Trees in the Internet},
  year       = {1998},
  issue_date = {Jan. 1998},
  publisher  = {Association for Computing Machinery},
  address    = {New York, NY, USA},
  volume     = {28},
  number     = {1},
  issn       = {0146-4833},
  url        = {https://doi.org/10.1145/280549.280555},
  doi        = {10.1145/280549.280555},
  month      = {jan},
  pages      = {41–50},
  numpages   = {10},
  journal    = {ACM SIGCOMM Computer Communication Review}
}

@incollection{Ca09,
  title     = {The complexity of satisfiability of small depth circuits},
  booktitle = {Parameterized and Exact Computation},
  author    = {Calabro, Chris and Impagliazzo, Russell and Paturi, Ramamohan},
  publisher = {Springer Berlin Heidelberg},
  pages     = {75--85},
  series    = {Lecture notes in computer science},
  year      = 2009,
  address   = {Berlin, Heidelberg}
}

@book{Cy15,
  title     = {Parameterized Algorithms},
  author    = {Cygan, Marek and Fomin, Fedor V and Marx, Daniel and Saurabh,
               Saket and Kowalik, Lukasz and Lokshtanov, Daniel and Pilipczuk,
               Marcin},
  publisher = {Springer International Publishing},
  edition   = 1,
  month     = jul,
  year      = 2015,
  address   = {Cham, Switzerland},
  language  = {en}
}

@article{Fe95,
  author  = {Downey, Rodney and Fellows, Michael},
  year    = {1995},
  month   = {08},
  pages   = {873-921},
  title   = {Fixed-Parameter Tractability and Completeness {I}: Basic Results},
  volume  = {24},
  journal = {SIAM J. Comput.},
  doi     = {10.1137/S0097539792228228}
}

@article{Fe95B,
  title   = {Fixed-parameter tractability and completeness {II}: On completeness for {W[1]}},
  journal = {Theoretical Computer Science},
  volume  = {141},
  number  = {1},
  pages   = {109-131},
  year    = {1995},
  issn    = {0304-3975},
  doi     = {https://doi.org/10.1016/0304-3975(94)00097-3},
  url     = {https://www.sciencedirect.com/science/article/pii/0304397594000973},
  author  = {Rod G. Downey and Michael R. Fellows}
}

@article{Ho87,
  author     = {Hochbaum, Dorit S. and Shmoys, David B.},
  title      = {Using Dual Approximation Algorithms for Scheduling Problems: Theoretical and Practical Results},
  year       = {1987},
  issue_date = {Jan. 1987},
  publisher  = {Association for Computing Machinery},
  address    = {New York, NY, USA},
  volume     = {34},
  number     = {1},
  journal    = {J. ACM},
  month      = {jan},
  pages      = {144–162}
}

@book{Will11,
  place     = {Cambridge},
  title     = {The Design of Approximation Algorithms},
  publisher = {Cambridge University Press},
  author    = {Williamson, David P. and Shmoys, David B.},
  year      = {2011}
}

@article{Ed65,
  title   = {Paths, Trees, and Flowers},
  volume  = {17},
  doi     = {10.4153/CJM-1965-045-4},
  journal = {Canadian Journal of Mathematics},
  author  = {Edmonds, Jack},
  year    = {1965},
  pages   = {449–467}
}

@article{Buc04,
  author  = {Bucatanschi, Dan},
  year    = {2004},
  month   = {01},
  title   = {The Ant Colony System for the Freeze-Tag Problem},
  journal = {Midstates Conference on Undergraduate Research in Mathematics and Computer Science}
}

@article{Bod16,
  author  = {Bodlaender, Hans L. and Drange, P\r{a}l Gr\'{\o}n\r{a}s and Dregi, Markus S. and Fomin, Fedor V. and Lokshtanov, Daniel and Pilipczuk, Micha\l{}},
  title   = {A $c^k n$ 5-Approximation Algorithm for Treewidth},
  journal = {SIAM Journal on Computing},
  volume  = {45},
  number  = {2},
  pages   = {317-378},
  year    = {2016},
  doi     = {10.1137/130947374}
}

@article{Ga92,
  title     = {Forests,  frames,  and games: Algorithms for matroid sums and applications},
  volume    = {7},
  issn      = {1432-0541},
  url       = {http://dx.doi.org/10.1007/BF01758774},
  doi       = {10.1007/bf01758774},
  number    = {1–6},
  journal   = {Algorithmica},
  publisher = {Springer Science and Business Media LLC},
  author    = {Gabow,  Harold N. and Westermann,  Herbert H.},
  year      = {1992},
  month     = jun,
  pages     = {465–497}
}

@article{erdos60,
  author   = {Paul Erdős and Tibor Gallai},
  title    = {Gráfok előírt fokszámú pontokkal},
  language = {Hungarian},
  journal  = {Matematikai Lapok},
  volume   = {11},
  pages    = {264–274},
  year     = {1960}
}

@inproceedings{Ka07,
  author    = {Kammer, Frank},
  editor    = {Arge, Lars
               and Hoffmann, Michael
               and Welzl, Emo},
  title     = {{Determining the Smallest k Such That G Is k-Outerplanar}},
  booktitle = {Algorithms -- ESA 2007},
  year      = {2007},
  publisher = {Springer Berlin Heidelberg},
  address   = {Berlin, Heidelberg},
  pages     = {359--370},
  isbn      = {978-3-540-75520-3}
}


@article{Ya15,
  title   = {An {O(1)}-approximation algorithm for the 2-dimensional geometric freeze-tag problem},
  journal = {Information Processing Letters},
  volume  = {115},
  number  = {6},
  pages   = {618-622},
  year    = {2015},
  author  = {Ehsan Najafi Yazdi and Alireza Bagheri and Zahra Moezkarimi and Hamidreza Keshavarz}
}

@article{Na15,
  title   = {Linear time constant factor approximation algorithm for the Euclidean {“Freeze-Tag”} robot awakening problem},
  author  = {Namazifar, Mohammad Javad and Bagheri, Alireza and Borna, Keivan},
  journal = {Iranian Journals and Conference Proceedings (CIVILICA)},
  year    = 2015
}

@article{Mo14,
  title   = {A PTAS for geometric 2-FTP},
  journal = {Information Processing Letters},
  volume  = {114},
  number  = {12},
  pages   = {670-675},
  year    = {2014},
  issn    = {0020-0190},
  author  = {Zahra Moezkarimi and Alireza Bagheri}
}

@article{Ze14,
  year    = {2014},
  author  = {Zeng, Yizhe},
  title   = {The Visibility Freeze-Tag Problem},
  journal = {In Abstracts from the 24th Fall Workshop on Computational Geometry}
}

@incollection{Ha06,
  doi       = {10.1007/11682462_53},
  url       = {https://doi.org/10.1007/11682462_53},
  year      = {2006},
  publisher = {Springer Berlin Heidelberg},
  pages     = {569--579},
  author    = {Mikael Hammar and Bengt J. Nilsson and Mia Persson},
  title     = {The Online Freeze-Tag Problem},
  booktitle = {{LATIN} 2006: Theoretical Informatics}
}

@article{Fe18,
  title   = {Beam It Up, {Scotty}: Angular Freeze-Tag with Directional Antennas},
  author  = {S{\'a}ndor P. Fekete and Dominik Krupke},
  year    = {2018},
  journal = {EuroCG 2018 Berlin}
}

@inproceedings{We19,
  author    = {Josh Brunner and Julian Wellman},
  title     = {{An Optimal Algorithm for Online Freeze-Tag}},
  booktitle = {10th International Conference on Fun with Algorithms (FUN 2021)},
  pages     = {8:1--8:11},
  series    = {Leibniz International Proceedings in Informatics (LIPIcs)},
  year      = {2019},
  volume    = {157},
  editor    = {Martin Farach-Colton and Giuseppe Prencipe and Ryuhei Uehara},
  publisher = {Schloss Dagstuhl--Leibniz-Zentrum f{\"u}r Informatik}
}

@article{Ba14,
  title   = {A {PTAS} for geometric {2-FTP}},
  journal = {Information Processing Letters},
  volume  = {114},
  number  = {12},
  pages   = {670-675},
  year    = {2014},
  issn    = {0020-0190},
  doi     = {https://doi.org/10.1016/j.ipl.2014.06.017},
  url     = {https://www.sciencedirect.com/science/article/pii/S0020019014001409},
  author  = {Zahra Moezkarimi and Alireza Bagheri}
}

@article{Al22,
  year    = {2022},
  month   = aug,
  journal = {Research Square Platform {LLC}},
  author  = {Fatemeh Rajabi-Alni and Alireza Bagheri},
  title   = {Approximation algorithms for the freeze tag problem inside polygons}
}

@misc{WikiLaser,
  author    = {{Wikipedia, the free encyclopedia}},
  note      = {[Online; accessed December 5, 2024 \url{https://en.wikipedia.org/wiki/Laser_communication_in_space}]},
  title     = {Laser communication in space},
  url       = {},
  journal   = {Wikipedia},
  publisher = {Wikimedia Foundation},
  year      = {2024},
  month     = {Dec}
}

@inproceedings{Chu06,
  author    = {Chuzhoy, Julia and Khanna, Sanjeev},
  title     = {Hardness of cut problems in directed graphs},
  year      = {2006},
  isbn      = {1595931341},
  publisher = {Association for Computing Machinery},
  address   = {New York, NY, USA},
  url       = {https://doi.org/10.1145/1132516.1132593},
  doi       = {10.1145/1132516.1132593},
  booktitle = {Proceedings of the Thirty-Eighth Annual ACM Symposium on Theory of Computing},
  pages     = {527–536},
  numpages  = {10},
  keywords  = {directed multicut, hardness of approximation, sparsest cut},
  location  = {Seattle, WA, USA},
  series    = {STOC '06}
}

@book{St06,
  title         = {The history of approximation theory},
  author        = {Steffens, Karl-Georg},
  removereditor = {Anastassiou, George A},
  publisher     = {Birkhauser Boston},
  edition       = 2006,
  month         = dec,
  year          = 2005,
  address       = {Secaucus, NJ},
  language      = {en}
}

@misc{Bo24,
  doi       = {10.48550/ARXIV.2402.03258},
  url       = {https://arxiv.org/abs/2402.03258},
  author    = {Bonichon,  Nicolas and Casteigts,  Arnaud and Gavoille,  Cyril and Hanusse,  Nicolas},
  title     = {Freeze-Tag in {$L_1$} has Wake-up Time Five},
  publisher = {arXiv},
  year      = {2024},
  copyright = {arXiv.org perpetual,  non-exclusive license}
}

@inproceedings{Zen19,
  author    = {Zenklusen, Rico},
  title     = {A 1.5-Approximation for path {TSP}},
  booktitle = {Proceedings of the Thirtieth Annual ACM-SIAM Symposium on Discrete Algorithms},
  year      = {2019},
  publisher = {Society for Industrial and Applied Mathematics},
  address   = {USA},
  pages     = {1539–1549},
  numpages  = {11},
  location  = {San Diego, California},
  series    = {SODA '19}
}

@book{Fiat98,
  title     = {Online algorithms},
  editor    = {Fiat, Amos and Woeginger, G J},
  publisher = {Springer},
  series    = {Lecture notes in computer science},
  edition   = 1998,
  month     = aug,
  year      = 1998,
  address   = {Berlin, Germany}
}

@misc{Wiki,
  author    = {{Wikipedia, the free encyclopedia}},
  note      = {[Online; accessed December 5, 2024 \url{https://en.wikipedia.org/wiki/Lp_space\#/media/File:Vector-p-Norms_qtl1.svg}]},
  title     = {Illustrations of unit circles in {R}² based on different p-norms},
  url       = {},
  journal   = {Wikipedia},
  publisher = {Wikimedia Foundation},
  year      = {2024},
  month     = {Dec}
}

@article{Le83,
  title    = {Integer {Programming} with a {Fixed} {Number} of {Variables}},
  volume   = {8},
  issn     = {0364-765X, 1526-5471},
  url      = {http://pubsonline.informs.org/doi/10.1287/moor.8.4.538},
  doi      = {10.1287/moor.8.4.538},
  language = {en},
  number   = {4},
  urldate  = {2022-09-03},
  journal  = {Mathematics of Operations Research},
  author   = {Lenstra, H. W.},
  month    = nov,
  year     = {1983},
  pages    = {538--548}
}

@article{Fe88,
  title   = {Nonconstructive tools for proving polynomial-time decidability},
  volume  = {35},
  issn    = {0004-5411},
  url     = {https://doi.org/10.1145/44483.44491},
  doi     = {10.1145/44483.44491},
  number  = {3},
  urldate = {2022-09-01},
  journal = {Journal of the ACM},
  author  = {Fellows, Michael R. and Langston, Michael A.},
  month   = jun,
  year    = {1988},
  pages   = {727--739}
}

@article{Fe87,
  title    = {Nonconstructive advances in polynomial-time complexity},
  volume   = {26},
  issn     = {0020-0190},
  url      = {https://www.sciencedirect.com/science/article/pii/0020019087900548},
  doi      = {10.1016/0020-0190(87)90054-8},
  language = {en},
  number   = {3},
  urldate  = {2022-09-01},
  journal  = {Information Processing Letters},
  author   = {Fellows, Michael R. and Langston, Michael A.},
  month    = nov,
  year     = {1987},
  keywords = {Analysis of algorithms, combinatorial problem, computational complexity, theory of computation},
  pages    = {157--162}
}

@inproceedings{Fe89,
  title     = {An analogue of the {Myhill}-{Nerode} theorem and its use in computing finite-basis characterizations},
  doi       = {10.1109/SFCS.1989.63528},
  booktitle = {30th {Annual} {Symposium} on {Foundations} of {Computer} {Science}},
  author    = {Fellows, M.R. and Langston, M.A.},
  month     = oct,
  year      = {1989},
  keywords  = {Analog computers, Argon, Computer science, Contracts, Doped fiber amplifiers, Polynomials, Resists},
  pages     = {520--525}
}

@inproceedings{Do92,
  title     = {Fixed-{Parameter} {Tractability} and {Completeness}},
  language  = {en},
  booktitle = {Proceedings of the 21st Manitoba Conference on Numerical Mathematics and Computing},
  author    = {Downey, R.G. and Fellows, M.R.},
  year      = {1992},
  pages     = {161--178}
}


@article{Fel20,
  author         = {Feldmann, Andreas Emil and Karthik C. S. and Lee, Euiwoong and Manurangsi, Pasin},
  title          = {A Survey on Approximation in Parameterized Complexity: Hardness and Algorithms},
  journal        = {Algorithms},
  volume         = {13},
  year           = {2020},
  number         = {6},
  article-number = {146},
  url            = {https://www.mdpi.com/1999-4893/13/6/146},
  issn           = {1999-4893},
  doi            = {10.3390/a13060146}
}

@article{Marx07,
  author  = {Marx, Dániel},
  title   = {Parameterized Complexity and Approximation Algorithms},
  journal = {The Computer Journal},
  volume  = {51},
  number  = {1},
  pages   = {60-78},
  year    = {2007},
  month   = {07},
  issn    = {0010-4620},
  doi     = {10.1093/comjnl/bxm048}
}

@book{Do13,
  doi       = {10.1007/978-1-4471-5559-1},
  url       = {https://doi.org/10.1007/978-1-4471-5559-1},
  year      = {2013},
  publisher = {Springer London},
  author    = {Rodney G. Downey and Michael R. Fellows},
  title     = {Fundamentals of Parameterized Complexity}
}

@book{Kl94,
  title     = {Treewidth: computations and approximations},
  isbn      = {3540583564},
  url       = {http://dx.doi.org/10.1007/BFb0045375},
  doi       = {10.1007/bfb0045375},
  journal   = {Lecture Notes in Computer Science},
  publisher = {Springer-Verlag},
  year      = {1994},
  author    = {Ton Kloks}
}

@book{Do99,
  doi       = {10.1007/978-1-4612-0515-9},
  url       = {https://doi.org/10.1007/978-1-4612-0515-9},
  year      = {1999},
  publisher = {Springer New York},
  author    = {R. G. Downey and M. R. Fellows},
  title     = {Parameterized Complexity}
}

@book{Va03,
  doi       = {10.1007/978-3-662-04565-7},
  url       = {https://doi.org/10.1007/978-3-662-04565-7},
  year      = {2003},
  publisher = {Springer Berlin Heidelberg},
  author    = {Vijay V. Vazirani},
  title     = {Approximation Algorithms}
}

@book{Mit05,
  author    = {Mitzenmacher, Michael and Upfal, Eli},
  title     = {Probability and Computing: Randomized Algorithms and Probabilistic Analysis},
  year      = {2005},
  isbn      = {0521835402},
  publisher = {Cambridge University Press},
  address   = {USA}
}

@book{Mi10,
  doi       = {10.1007/978-1-4419-1665-5},
  url       = {https://doi.org/10.1007/978-1-4419-1665-5},
  year      = {2010},
  publisher = {Springer {US}},
  editor    = {Michel Gendreau and Jean-Yves Potvin},
  title     = {Handbook of Metaheuristics}
}

@book{Sc86,
  author    = {Schrijver, Alexander},
  title     = {Theory of Linear and Integer Programming},
  year      = {1986},
  isbn      = {0471908541},
  publisher = {John Wiley \& Sons, Inc.},
  address   = {USA}
}

@inproceedings{En19,
  author    = {Engin, Selim and Isler, Volkan},
  booktitle = {2019 International Conference on Robotics and Automation (ICRA)},
  title     = {Asynchronous Network Formation in Unknown Unbounded Environments},
  year      = {2019},
  volume    = {},
  number    = {},
  pages     = {2011-2017},
  doi       = {10.1109/ICRA.2019.8794031}
}

@article{Ra20,
  doi       = {10.1002/net.21926},
  url       = {https://doi.org/10.1002/net.21926},
  year      = {2020},
  month     = jan,
  publisher = {Wiley},
  volume    = {75},
  number    = {3},
  pages     = {310--320},
  author    = {Charl J. Ras},
  title     = {Fixed parameter tractability of a biconnected bottleneck Steiner network problem},
  journal   = {Networks}
}

@article{Go78,
  doi       = {10.1016/s0019-9958(78)90562-4},
  year      = {1978},
  month     = jun,
  publisher = {Elsevier {BV}},
  volume    = {37},
  number    = {3},
  pages     = {302--320},
  author    = {E. Mark Gold},
  title     = {Complexity of automaton identification from given data},
  journal   = {Information and Control}
}

@incollection{Ar06,
  doi       = {10.1007/11841036_7},
  url       = {https://doi.org/10.1007/11841036_7},
  year      = {2006},
  publisher = {Springer Berlin Heidelberg},
  pages     = {40--51},
  author    = {Amitai Armon and Adi Avidor and Oded Schwartz},
  title     = {Cooperative {TSP}},
  booktitle = {Lecture Notes in Computer Science}
}

@inproceedings{Hu09,
  author    = {Huang, Fei and Ravindran, Binoy and Kumar, V.S. Anil},
  booktitle = {2009 IEEE Ninth International Conference on Peer-to-Peer Computing},
  title     = {An approximation algorithm for minimum-delay peer-to-peer streaming},
  year      = {2009},
  volume    = {},
  number    = {},
  pages     = {71-80},
  doi       = {10.1109/P2P.2009.5284515}
}

@book{Bon08,
  title     = {Graph Theory},
  isbn      = {9781846289705},
  issn      = {0072-5285},
  url       = {http://dx.doi.org/10.1007/978-1-84628-970-5},
  doi       = {10.1007/978-1-84628-970-5},
  journal   = {Graduate Texts in Mathematics},
  publisher = {Springer London},
  author    = {Bondy,  J. A. and Murty,  U. S. R.},
  year      = {2008}
}

@article{Se16,
  doi       = {10.1016/j.robot.2015.08.010},
  url       = {https://doi.org/10.1016/j.robot.2015.08.010},
  year      = {2016},
  month     = jan,
  publisher = {Elsevier {BV}},
  volume    = {75},
  pages     = {422--434},
  author    = {Madhubhashi Senanayake and Ilankaikone Senthooran and Jan Carlo Barca and Hoam Chung and Joarder Kamruzzaman and Manzur Murshed},
  title     = {Search and tracking algorithms for swarms of robots: A survey},
  journal   = {Robotics and Autonomous Systems}
}

@mastersthesis{masZen14,
  author = {Zeng, Yizhe},
  title  = {The Visibility Freeze-Tag Problem},
  school = {University of Waterloo},
  year   = {2014}
}

@phdthesis{Sz03,
  author   = {Sztainberg,Marcelo O.},
  year     = {2003},
  title    = {Algorithms for swarm robotics},
  journal  = {ProQuest Dissertations and Theses},
  pages    = {89},
  note     = {Database copyright ProQuest LLC},
  keywords = {Applied sciences; Pure sciences; Computational geometry; Robotics; Swarm robotics; Terrain simplification; Mechanics; Mathematics; Artificial intelligence; 0346:Mechanics; 0405:Mathematics; 0800:Artificial intelligence},
  isbn     = {978-0-496-54678-7},
  language = {English},
  url      = {https://www.proquest.com/dissertations-theses/algorithms-swarm-robotics/docview/305262642/se-2},
  school   = {State University of New York at Stony Brook}
}

@article{Ma15,
  doi       = {10.1007/s00224-015-9615-7},
  url       = {https://doi.org/10.1007/s00224-015-9615-7},
  year      = {2015},
  month     = mar,
  publisher = {Springer Science and Business Media {LLC}},
  volume    = {58},
  number    = {2},
  pages     = {287--303},
  author    = {Ali Mashreghi and Alireza Zarei},
  title     = {When Diameter Matters: Parameterized Approximation Algorithms for Bounded Diameter Minimum Steiner Tree Problem},
  journal   = {Theory of Computing Systems}
}

@inproceedings{Chen17,
  author    = {Lin Chen and D{\'a}niel Marx and Deshi Ye and Guochuan Zhang},
  title     = {{Parameterized and Approximation Results for Scheduling with a Low Rank Processing Time Matrix}},
  booktitle = {34th Symposium on Theoretical Aspects of Computer Science (STACS 2017)},
  pages     = {22:1--22:14},
  series    = {Leibniz International Proceedings in Informatics (LIPIcs)},
  isbn      = {978-3-95977-028-6},
  issn      = {1868-8969},
  year      = {2017},
  volume    = {66},
  editor    = {Heribert Vollmer and Brigitte Vallée},
  publisher = {Schloss Dagstuhl--Leibniz-Zentrum fuer Informatik},
  address   = {Dagstuhl, Germany},
  url       = {http://drops.dagstuhl.de/opus/volltexte/2017/7011},
  urn       = {urn:nbn:de:0030-drops-70110},
  doi       = {10.4230/LIPIcs.STACS.2017.22},
  annote    = {Keywords: APX-hardness, Parameterized algorithm, Scheduling, Exponential Time Hypothesis}
}

@incollection{Pe02,
  year      = {2002},
  doi       = {10.1002/0471224561.ch24},
  url       = {https://doi.org/10.1002/0471224561.ch24},
  publisher = {John Wiley {\&} Sons,  Inc.},
  pages     = {509--528},
  author    = {Andrzej Pelc},
  title     = {Broadcasting in Radio Networks},
  booktitle = {Wiley Series on Parallel and Distributed Computing}
}

@article{Hu07,
  doi       = {10.1093/comjnl/bxm040},
  url       = {https://doi.org/10.1093/comjnl/bxm040},
  year      = {2007},
  month     = mar,
  publisher = {Oxford University Press ({OUP})},
  volume    = {51},
  number    = {1},
  pages     = {7--25},
  author    = {F. Huffner and R. Niedermeier and S. Wernicke},
  title     = {Techniques for Practical Fixed-Parameter Algorithms},
  journal   = {The Computer Journal}
}

@article{Sl07,
  doi       = {10.1093/comjnl/bxm038},
  url       = {https://doi.org/10.1093/comjnl/bxm038},
  year      = {2007},
  month     = mar,
  publisher = {Oxford University Press ({OUP})},
  volume    = {51},
  number    = {1},
  pages     = {122--136},
  author    = {C. Sloper and J. A. Telle},
  title     = {An Overview of Techniques for Designing Parameterized Algorithms},
  journal   = {The Computer Journal}
}

@article{Li20,
  doi       = {10.1186/s13673-020-00226-w},
  url       = {https://doi.org/10.1186/s13673-020-00226-w},
  year      = {2020},
  month     = jul,
  publisher = {Springer Science and Business Media {LLC}},
  volume    = {10},
  number    = {1},
  author    = {Wenjun Li and Yang Ding and Yongjie Yang and R. Simon Sherratt and Jong Hyuk Park and Jin Wang},
  title     = {Parameterized algorithms of fundamental {NP}-hard problems: a survey},
  journal   = {Human-centric Computing and Information Sciences}
}

@misc{Bou20,
  doi       = {10.48550/ARXIV.2002.12232},
  url       = {https://arxiv.org/abs/2002.12232},
  author    = {Bouquet,  Valentin and Delbot,  Fran\c{c}ois and Picouleau,  Christophe and Rovedakis,  Stéphane},
  title     = {On Minimum Dominating Sets in cubic and (claw, H)-free graphs},
  publisher = {arXiv},
  year      = {2020},
  copyright = {arXiv.org perpetual,  non-exclusive license}
}

@misc{Cy10,
  doi       = {10.48550/ARXIV.1011.6239},
  url       = {https://arxiv.org/abs/1011.6239},
  author    = {Cygan,  Marek and Philip,  Geevarghese and Pilipczuk,  Marcin and Pilipczuk,  Michał and Wojtaszczyk,  Jakub Onufry},
  keywords  = {Data Structures and Algorithms (cs.DS),  Computational Complexity (cs.CC),  FOS: Computer and information sciences,  FOS: Computer and information sciences,  F.2.2},
  title     = {Dominating Set is Fixed Parameter Tractable in Claw-free Graphs},
  publisher = {arXiv},
  year      = {2010},
  copyright = {arXiv.org perpetual,  non-exclusive license}
}

@article{Ar10,
  title    = {Cooperative TSP},
  journal  = {Theoretical Computer Science},
  volume   = {411},
  number   = {31},
  pages    = {2847-2863},
  year     = {2010},
  issn     = {0304-3975},
  doi      = {https://doi.org/10.1016/j.tcs.2010.04.016},
  url      = {https://www.sciencedirect.com/science/article/pii/S0304397510002112},
  author   = {Amitai Armon and Adi Avidor and Oded Schwartz},
  keywords = {Algorithms, Approximation algorithms, TSP, Cooperative TSP}
}

@article{Fe05,
  title   = {Traveling salesmen in the presence of competition},
  journal = {Theoretical Computer Science},
  volume  = {313},
  number  = {3},
  pages   = {377-392},
  year    = {2004},
  note    = {Algorithmic Combinatorial Game Theory},
  issn    = {0304-3975},
  doi     = {https://doi.org/10.1016/j.tcs.2002.12.001},
  url     = {https://www.sciencedirect.com/science/article/pii/S0304397503005905},
  author  = {Sándor P. Fekete and Rudolf Fleischer and Aviezri Fraenkel and Matthias Schmitt}
}

@article{Fe21,
  author  = {Fekete, S\'{a}ndor P. and Kleist, Linda and Krupke, Dominik},
  title   = {Minimum Scan Cover with Angular Transition Costs},
  journal = {SIAM Journal on Discrete Mathematics},
  volume  = {35},
  number  = {2},
  pages   = {1337-1355},
  year    = {2021},
  doi     = {10.1137/20M1368161},
  url     = {https://doi.org/10.1137/20M1368161},
  eprint  = { https://doi.org/10.1137/20M1368161}
}

@inproceedings{Ju05,
  author    = {Petr Jurčík and Zdeněk Hanzálek},
  booktitle = {2005 IEEE Conference on Emerging Technologies and Factory Automation},
  title     = {Construction of the bounded application-layer multicast tree in the overlay network model by the integer linear programming},
  year      = {2005},
  volume    = {2},
  number    = {},
  pages     = {8 pp.-510},
  doi       = {10.1109/ETFA.2005.1612718}
}

@misc{Lo20,
  title         = {A Parameterized Approximation Scheme for Min k-Cut},
  author        = {Daniel Lokshtanov and Saket Saurabh and Vaishali Surianarayanan},
  year          = {2020},
  eprint        = {2005.00134},
  archiveprefix = {arXiv},
  primaryclass  = {cs.DS}
}

@inproceedings{Fe23,
  author    = {Sándor P. Fekete and Dominik Krupke and Michael Perk and Christian Rieck and Christian Scheffer},
  title     = {A Closer Cut: Computing Near-Optimal Lawn Mowing Tours},
  booktitle = {2023 Proceedings of the Symposium on Algorithm Engineering and Experiments (ALENEX)},
  chapter   = {},
  pages     = {1-14},
  doi       = {10.1137/1.9781611977561.ch1},
  url       = {https://epubs.siam.org/doi/abs/10.1137/1.9781611977561.ch1},
  eprint    = {https://epubs.siam.org/doi/pdf/10.1137/1.9781611977561.ch1},
  year      = {2023}
}

@article{Ai18,
  doi       = {10.1142/s0218195918500048},
  url       = {https://doi.org/10.1142/s0218195918500048},
  year      = {2018},
  month     = sep,
  publisher = {World Scientific Pub Co Pte Lt},
  volume    = {28},
  number    = {03},
  pages     = {197--226},
  author    = {Oswin Aichholzer and Michael Biro and Erik D. Demaine and Martin L. Demaine and David Eppstein and S{\'{a}}ndor P. Fekete and Adam Hesterberg and Irina Kostitsyna and Christiane Schmidt},
  title     = {Folding Polyominoes into (Poly)Cubes},
  journal   = {International Journal of Computational Geometry \& Applications}
}

@inproceedings{Ch21,
  author    = {Fekete, S\'{a}ndor P. and Keldenich, Phillip and Kosfeld, Ramin and Rieck, Christian and Scheffer, Christian},
  title     = {{Connected Coordinated Motion Planning with Bounded Stretch}},
  booktitle = {32nd International Symposium on Algorithms and Computation (ISAAC 2021)},
  pages     = {9:1--9:16},
  series    = {Leibniz International Proceedings in Informatics (LIPIcs)},
  isbn      = {978-3-95977-214-3},
  issn      = {1868-8969},
  year      = {2021},
  volume    = {212},
  url       = {https://drops.dagstuhl.de/opus/volltexte/2021/15442},
  urn       = {urn:nbn:de:0030-drops-154423},
  doi       = {10.4230/LIPIcs.ISAAC.2021.9},
  annote    = {Keywords: Motion planning, parallel motion, bounded stretch, scaled shape, makespan, connectivity, swarm robotics}
}

@inproceedings{Fe14,
  author    = {Becker, Aaron and Demaine, Erik D. and Fekete, Sándor P. and McLurkin, James},
  booktitle = {2014 IEEE International Conference on Robotics and Automation (ICRA)},
  title     = {Particle computation: Designing worlds to control robot swarms with only global signals},
  year      = {2014},
  volume    = {},
  number    = {},
  pages     = {6751-6756},
  doi       = {10.1109/ICRA.2014.6907856}
}

@techreport{Mot94,
  title       = {On Exact and Approximate Cut Covers of Graphs},
  author      = {Rajeev Motwani and Joseph Naor},
  year        = {1994},
  url         = {https://api.semanticscholar.org/CorpusID:116734983},
  institution = {Stanford University},
  address     = {Stanford, CA, USA}
}

@article{Nash64,
  author  = {Nash-Williams, C. St.J. A.},
  title   = {Decomposition of Finite Graphs Into Forests},
  journal = {Journal of the London Mathematical Society},
  volume  = {s1-39},
  number  = {1},
  pages   = {12-12},
  year    = {1964},
  month   = {01},
  issn    = {0024-6107},
  doi     = {10.1112/jlms/s1-39.1.12},
  url     = {https://doi.org/10.1112/jlms/s1-39.1.12}
}

@article{Bod98,
  title   = {A partial k-arboretum of graphs with bounded treewidth},
  journal = {Theoretical Computer Science},
  volume  = {209},
  number  = {1},
  pages   = {1-45},
  year    = {1998},
  issn    = {0304-3975},
  doi     = {https://doi.org/10.1016/S0304-3975(97)00228-4},
  url     = {https://www.sciencedirect.com/science/article/pii/S0304397597002284},
  author  = {Hans L. Bodlaender}
}

@article{Ben05,
  author  = {Arkin, Esther M. and Bender, Michael A. and Demaine, Erik D. and Fekete, S\'{a}ndor P. and Mitchell, Joseph S. B. and Sethia, Saurabh},
  title   = {Optimal Covering Tours with Turn Costs},
  journal = {SIAM Journal on Computing},
  volume  = {35},
  number  = {3},
  pages   = {531-566},
  year    = {2005},
  doi     = {10.1137/S0097539703434267},
  url     = {https://doi.org/10.1137/S0097539703434267},
  eprint  = {https://doi.org/10.1137/S0097539703434267}
}
@inproceedings{Fe06,
  author    = {Alt, Helmut and Arkin, Esther M. and Br\"{o}nnimann, Herv\'{e} and Erickson, Jeff and Fekete, S\'{a}ndor P. and Knauer, Christian and Lenchner, Jonathan and Mitchell, Joseph S. B. and Whittlesey, Kim},
  title     = {Minimum-Cost Coverage of Point Sets by Disks},
  year      = {2006},
  isbn      = {1595933409},
  publisher = {Association for Computing Machinery},
  address   = {New York, NY, USA},
  url       = {https://doi.org/10.1145/1137856.1137922},
  doi       = {10.1145/1137856.1137922},
  booktitle = {Proceedings of the Twenty-Second Annual Symposium on Computational Geometry},
  pages     = {449–458},
  numpages  = {10},
  keywords  = {approximation, complexity, covering problems, geometric optimization, tour problems},
  location  = {Sedona, Arizona, USA},
  series    = {SCG '06}
}

@book{Deza97,
  title     = {Geometry of Cuts and Metrics},
  isbn      = {9783642042959},
  issn      = {2197-6783},
  url       = {http://dx.doi.org/10.1007/978-3-642-04295-9},
  doi       = {10.1007/978-3-642-04295-9},
  journal   = {Algorithms and Combinatorics},
  publisher = {Springer Berlin Heidelberg},
  author    = {Deza,  Michel Marie and Laurent,  Monique},
  year      = {1997}
}

@inproceedings{Chan13,
  author    = {Chan, T. -H. Hubert
               and Li, Mingfei
               and Ning, Li
               and Solomon, Shay},
  editor    = {Fomin, Fedor V.
               and Freivalds, R{\={u}}si{\c{n}}{\v{s}}
               and Kwiatkowska, Marta
               and Peleg, David},
  title     = {New Doubling Spanners: Better and Simpler},
  booktitle = {Automata, Languages, and Programming},
  year      = {2013},
  publisher = {Springer Berlin Heidelberg},
  address   = {Berlin, Heidelberg},
  pages     = {315--327}
}

@article{Ba93,
  title   = {Searching in the Plane},
  journal = {Information and Computation},
  volume  = {106},
  number  = {2},
  pages   = {234-252},
  year    = {1993},
  issn    = {0890-5401},
  doi     = {https://doi.org/10.1006/inco.1993.1054},
  url     = {https://www.sciencedirect.com/science/article/pii/S0890540183710540},
  author  = {R.A. Baezayates and J.C. Culberson and G.J.E. Rawlins}
}

@inproceedings{Pe23,
  doi       = {10.5753/etc.2023.229327},
  url       = {https://doi.org/10.5753/etc.2023.229327},
  year      = {2023},
  month     = aug,
  publisher = {Sociedade Brasileira de Computa{\c{c}}{\~{a}}o - {SBC}},
  author    = {Lehilton Lelis Chaves Pedrosa and Lucas de Oliveira Silva},
  title     = {{Freeze-Tag Remains NP-hard on Binary and Ternary Trees}},
  booktitle = {Anais do {VIII} Encontro de Teoria da Computa{\c{c}}{\~{a}}o ({ETC} 2023)}
}

@inproceedings{Lu23,
  year      = {2023},
  publisher = {Elsevier {BV}},
  author    = {Lehilton Lelis Chaves Pedrosa and Lucas de Oliveira Silva},
  title     = {{Freeze–Tag is NP-Hard in 3D with $L_1$ distance}},
  journal   = {Procedia Computer Science},
  booktitle = {Proceedings of the XII Latin-American Algorithms, Graphs and Optimization Symposium}
}

@article{Bu22,
  doi       = {10.1145/3567674},
  url       = {https://doi.org/10.1145/3567674},
  year      = {2022},
  month     = dec,
  publisher = {Association for Computing Machinery ({ACM})},
  volume    = {27},
  pages     = {1--28},
  author    = {Kevin Buchin and Alexander Hill and S{\'{a}}ndor Fekete and Linda Kleist and Irina Kostitsyna and Dominik Krupke and Roel Lambers and Martijn Struijs},
  title     = {Minimum Scan Cover and Variants: Theory and Experiments},
  journal   = {{ACM} Journal of Experimental Algorithmics}
}

@mastersthesis{Zam14,
  doi       = {10.47749/t/unicamp.2014.944925},
  school    = {Unicamp},
  url       = {https://doi.org/10.47749/t/unicamp.2014.944925},
  publisher = {Universidade Estadual de Campinas},
  author    = {Mauricio Jose de Oliveira Zambon},
  title     = {Solu{\c{c}}{\~{o}}es exatas para o Problema Crom{\'{a}}tico da Galeria de Arte},
  year      = {2014}
}

@mastersthesis{Esp14,
  doi       = {10.47749/t/unicamp.2014.945092},
  school    = {Unicamp},
  url       = {https://doi.org/10.47749/t/unicamp.2014.945092},
  publisher = {Universidade Estadual de Campinas},
  author    = {Bruno Espinosa Crepaldi},
  title     = {Um algoritmo eficiente para o problema do posicionamento natural de antenas},
  year      = {2014}
}

@inproceedings{Fe13,
  doi       = {10.1145/2462356.2462361},
  url       = {https://doi.org/10.1145/2462356.2462361},
  year      = {2013},
  month     = jun,
  publisher = {{ACM}},
  author    = {Dorit Borrmann and Pedro J. de Rezende and Cid C. de Souza and S{\'{a}}ndor P. Fekete and Stephan Friedrichs and Alexander Kr\"{o}ller and Andreas N\"{u}chter and Christiane Schmidt and Davi C. Tozoni},
  title     = {Point guards and point clouds},
  booktitle = {Proceedings of the twenty-ninth annual symposium on Computational geometry}
}

@article{Cai03,
  doi       = {10.1016/s0166-218x(02)00242-1},
  url       = {https://doi.org/10.1016/s0166-218x(02)00242-1},
  year      = {2003},
  month     = may,
  publisher = {Elsevier {BV}},
  volume    = {127},
  number    = {3},
  pages     = {415--429},
  author    = {Leizhen Cai},
  title     = {Parameterized complexity of vertex colouring},
  journal   = {Discrete Applied Mathematics}
}

@article{Car11,
  doi       = {10.1016/j.comgeo.2011.05.003},
  url       = {https://doi.org/10.1016/j.comgeo.2011.05.003},
  year      = {2011},
  month     = nov,
  publisher = {Elsevier {BV}},
  volume    = {44},
  number    = {9},
  pages     = {477--485},
  author    = {Paz Carmi and Matthew J. Katz and Zvi Lotker and Adi Ros{\'{e}}n},
  title     = {Connectivity guarantees for wireless networks with directional antennas},
  journal   = {Computational Geometry}
}

@article{Jo74,
  doi       = {10.1016/s0022-0000(74)80044-9},
  url       = {https://doi.org/10.1016/s0022-0000(74)80044-9},
  year      = {1974},
  month     = dec,
  publisher = {Elsevier {BV}},
  volume    = {9},
  number    = {3},
  pages     = {256--278},
  author    = {David S. Johnson},
  title     = {Approximation algorithms for combinatorial problems},
  journal   = {Journal of Computer and System Sciences}
}

@article{Vi64,
  author  = {V. G. Vizing},
  title   = {On an estimate of the chromatic class of a p-graph},
  journal = {Discret Analiz},
  year    = {1964},
  volume  = {3},
  pages   = {25-30}
}

@article{Gra66,
  author  = {Graham, R. L.},
  journal = {The Bell System Technical Journal},
  title   = {Bounds for certain multiprocessing anomalies},
  year    = {1966},
  volume  = {45},
  number  = {9},
  pages   = {1563-1581},
  doi     = {10.1002/j.1538-7305.1966.tb01709.x}
}

@article{All15,
  doi       = {10.1016/j.ejor.2015.04.004},
  url       = {https://doi.org/10.1016/j.ejor.2015.04.004},
  year      = {2015},
  month     = oct,
  publisher = {Elsevier {BV}},
  volume    = {246},
  number    = {2},
  pages     = {345--378},
  author    = {Ali Allahverdi},
  title     = {The third comprehensive survey on scheduling problems with setup times/costs},
  journal   = {European Journal of Operational Research}
}

@inproceedings{Arora97,
  author    = {Sanjeev Arora},
  booktitle = {Proceedings 38th Annual Symposium on Foundations of Computer Science},
  title     = {Nearly linear time approximation schemes for Euclidean TSP and other geometric problems},
  year      = {1997},
  volume    = {},
  number    = {},
  pages     = {554-563},
  doi       = {10.1109/SFCS.1997.646145}
}

@article{Arora98,
  author     = {Arora, Sanjeev},
  title      = {Polynomial Time Approximation Schemes for Euclidean Traveling Salesman and Other Geometric Problems},
  year       = {1998},
  issue_date = {Sept. 1998},
  publisher  = {Association for Computing Machinery},
  address    = {New York, NY, USA},
  volume     = {45},
  number     = {5},
  issn       = {0004-5411},
  url        = {https://doi.org/10.1145/290179.290180},
  doi        = {10.1145/290179.290180},
  journal    = {J. ACM},
  month      = {sep},
  pages      = {753–782},
  numpages   = {30},
  keywords   = {network design, approximation algorithms, Steiner problem, traveling salesman problem, matching}
}

@inproceedings{Be22,
  title        = {A Parameterized Approximation Algorithm for the Multiple Allocation k-Hub Center},
  author       = {Benedito, Marcelo PL and Melo, Lucas P and Pedrosa, Lehilton LC},
  booktitle    = {Latin American Symposium on Theoretical Informatics},
  pages        = {141--156},
  year         = {2022},
  organization = {Springer}
}

@article{Beck70,
  title     = {Yet more on the linear search problem},
  volume    = {8},
  issn      = {1565-8511},
  url       = {http://dx.doi.org/10.1007/BF02798690},
  doi       = {10.1007/bf02798690},
  number    = {4},
  journal   = {Israel Journal of Mathematics},
  publisher = {Springer Science and Business Media LLC},
  author    = {Beck,  Anatole and Newman,  D. J.},
  year      = {1970},
  month     = dec,
  pages     = {419–429}
}

@inbook{Karp72,
  author    = {Karp, Richard M.},
  title     = {Reducibility among Combinatorial Problems},
  booktitle = {Complexity of Computer Computations: Proceedings of a symposium on the Complexity of Computer Computations, held March 20--22, 1972, at the IBM Thomas J. Watson Research Center, Yorktown Heights, New York, and sponsored by the Office of Naval Research, Mathematics Program, IBM World Trade Corporation, and the IBM Research Mathematical Sciences Department},
  year      = {1972},
  publisher = {Springer US},
  address   = {Boston, MA},
  pages     = {85--103},
  isbn      = {978-1-4684-2001-2},
  doi       = {10.1007/978-1-4684-2001-2_9},
  url       = {https://doi.org/10.1007/978-1-4684-2001-2_9}
}

@article{Levin73,
  author   = {Levin, L. A.},
  title    = {Universal problems of full search},
  fjournal = {Problemy Peredachi Informatsii},
  journal  = {Probl. Peredachi Inf.},
  issn     = {0555-2923},
  volume   = {9},
  number   = {3},
  pages    = {115--116},
  year     = {1973},
  language = {Russian},
  keywords = {03D99},
  zbmath   = {3489106},
  zbl      = {0313.02026}
}

@inproceedings{Cook71,
  author    = {Cook, Stephen A.},
  title     = {The complexity of theorem-proving procedures},
  year      = {1971},
  isbn      = {9781450374644},
  publisher = {Association for Computing Machinery},
  address   = {New York, NY, USA},
  url       = {https://doi.org/10.1145/800157.805047},
  doi       = {10.1145/800157.805047},
  booktitle = {Proceedings of the Third Annual ACM Symposium on Theory of Computing},
  pages     = {151–158},
  numpages  = {8},
  location  = {Shaker Heights, Ohio, USA},
  series    = {STOC '71}
}

@article{Lou92,
  title    = {Minimal cut cover of a graph with an application to the testing of electronic boards},
  journal  = {Operations Research Letters},
  volume   = {12},
  number   = {5},
  pages    = {301-305},
  year     = {1992},
  issn     = {0167-6377},
  doi      = {https://doi.org/10.1016/0167-6377(92)90089-L},
  url      = {https://www.sciencedirect.com/science/article/pii/016763779290089L},
  author   = {Richard Loulou},
  keywords = {graph theory, edge covering, cut cover, testing, printed circuit boards}
}

@phdthesis{Kru22,
  title  = {Algorithm Engineering for Hard Problems in Computational Geometry},
  author = {Dominik Michael Krupke},
  year   = 2022,
  school = {Technische Universität Braunschweig},
  type   = {PhD thesis}
}

@misc{Silva25,
      title={Realizing Graphs with Cut Constraints}, 
      author={Lucas de Oliveira Silva and Vítor Gomes Chagas and Samuel Plaça de Paula and Greis Yvet Oropeza Quesquén and Uéverton dos Santos Souza},
      year={2025},
      eprint={2502.09358},
      archivePrefix={arXiv},
      primaryClass={cs.CC},
      url={https://arxiv.org/abs/2502.09358}, 
}

@phdthesis{Kru22,
  title  = {Algorithm Engineering for Hard Problems in Computational Geometry},
  author = {Dominik Michael Krupke},
  year   = 2022,
  school = {Technische Universität Braunschweig},
  type   = {PhD thesis}
}

@mastersthesis{Lu25,
    author = {Lucas de Oliveira Silva},
    title = {{Algorithms for the Freeze-Tag and related swarm robotics problems}},
    school = {Unicamp},
    year = 2025
}